%YAML 1.1
%TAG !u! tag:unity3d.com,2011:
--- !u!1 &1962004892
GameObject:
  m_ObjectHideFlags: 0
  m_CorrespondingSourceObject: {fileID: 0}
  m_PrefabInstance: {fileID: 0}
  m_PrefabAsset: {fileID: 0}
  serializedVersion: 6
  m_Component:
  - component: {fileID: 1962004899}
  - component: {fileID: 1962004898}
  - component: {fileID: 1962004897}
  - component: {fileID: 1962004896}
  - component: {fileID: 1962004895}
  - component: {fileID: 1962004894}
  - component: {fileID: 1962004893}
  m_Layer: 5
  m_Name: Lab_station_bottle
  m_TagString: Lab_station_bottle
  m_Icon: {fileID: 0}
  m_NavMeshLayer: 0
  m_StaticEditorFlags: 0
  m_IsActive: 1
--- !u!224 &1962004899
RectTransform:
  m_ObjectHideFlags: 0
  m_CorrespondingSourceObject: {fileID: 0}
  m_PrefabInstance: {fileID: 0}
  m_PrefabAsset: {fileID: 0}
  m_GameObject: {fileID: 1962004892}
  m_LocalRotation: {x: -0, y: 0.7071068, z: -0, w: -0.7071068}
  m_LocalPosition: {x: 0, y: 0, z: -7.183}
  m_LocalScale: {x: 0.00060000055, y: 0.0009999997, z: 0.0010000012}
  m_Children:
  - {fileID: 1593257665}
  m_Father: {fileID: 0}
  m_RootOrder: 0
  m_LocalEulerAnglesHint: {x: 0, y: 0, z: 0}
  m_AnchorMin: {x: 0, y: 0}
  m_AnchorMax: {x: 0, y: 0}
  m_AnchoredPosition: {x: -23.789, y: 1.45}
  m_SizeDelta: {x: 800, y: 461.5}
  m_Pivot: {x: 0.5, y: 0.5}
--- !u!223 &1962004898
Canvas:
  m_ObjectHideFlags: 0
  m_CorrespondingSourceObject: {fileID: 0}
  m_PrefabInstance: {fileID: 0}
  m_PrefabAsset: {fileID: 0}
  m_GameObject: {fileID: 1962004892}
  m_Enabled: 1
  serializedVersion: 3
  m_RenderMode: 2
  m_Camera: {fileID: 0}
  m_PlaneDistance: 100
  m_PixelPerfect: 1
  m_ReceivesEvents: 1
  m_OverrideSorting: 0
  m_OverridePixelPerfect: 0
  m_SortingBucketNormalizedSize: 0
  m_AdditionalShaderChannelsFlag: 25
  m_SortingLayerID: 0
  m_SortingOrder: 0
  m_TargetDisplay: 0
--- !u!114 &1962004897
MonoBehaviour:
  m_ObjectHideFlags: 0
  m_CorrespondingSourceObject: {fileID: 0}
  m_PrefabInstance: {fileID: 0}
  m_PrefabAsset: {fileID: 0}
  m_GameObject: {fileID: 1962004892}
  m_Enabled: 1
  m_EditorHideFlags: 0
  m_Script: {fileID: 1980459831, guid: f5f67c52d1564df4a8936ccd202a3bd8, type: 3}
  m_Name: 
  m_EditorClassIdentifier: 
  m_UiScaleMode: 1
  m_ReferencePixelsPerUnit: 100
  m_ScaleFactor: 1
  m_ReferenceResolution: {x: 800, y: 600}
  m_ScreenMatchMode: 2
  m_MatchWidthOrHeight: 0
  m_PhysicalUnit: 3
  m_FallbackScreenDPI: 96
  m_DefaultSpriteDPI: 96
  m_DynamicPixelsPerUnit: 1
--- !u!114 &1962004896
MonoBehaviour:
  m_ObjectHideFlags: 0
  m_CorrespondingSourceObject: {fileID: 0}
  m_PrefabInstance: {fileID: 0}
  m_PrefabAsset: {fileID: 0}
  m_GameObject: {fileID: 1962004892}
  m_Enabled: 1
  m_EditorHideFlags: 0
  m_Script: {fileID: 1301386320, guid: f5f67c52d1564df4a8936ccd202a3bd8, type: 3}
  m_Name: 
  m_EditorClassIdentifier: 
  m_IgnoreReversedGraphics: 1
  m_BlockingObjects: 0
  m_BlockingMask:
    serializedVersion: 2
    m_Bits: 4294967295
--- !u!222 &1962004895
CanvasRenderer:
  m_ObjectHideFlags: 0
  m_CorrespondingSourceObject: {fileID: 0}
  m_PrefabInstance: {fileID: 0}
  m_PrefabAsset: {fileID: 0}
  m_GameObject: {fileID: 1962004892}
  m_CullTransparentMesh: 0
--- !u!114 &1962004894
MonoBehaviour:
  m_ObjectHideFlags: 0
  m_CorrespondingSourceObject: {fileID: 0}
  m_PrefabInstance: {fileID: 0}
  m_PrefabAsset: {fileID: 0}
  m_GameObject: {fileID: 1962004892}
  m_Enabled: 1
  m_EditorHideFlags: 0
  m_Script: {fileID: -765806418, guid: f70555f144d8491a825f0804e09c671c, type: 3}
  m_Name: 
  m_EditorClassIdentifier: 
  m_Material: {fileID: 0}
  m_Color: {r: 0.36078432, g: 0.39215687, b: 0.39607844, a: 1}
  m_RaycastTarget: 1
  m_OnCullStateChanged:
    m_PersistentCalls:
      m_Calls: []
    m_TypeName: UnityEngine.UI.MaskableGraphic+CullStateChangedEvent, UnityEngine.UI,
      Version=1.0.0.0, Culture=neutral, PublicKeyToken=null
  m_Sprite: {fileID: 0}
  m_Type: 0
  m_PreserveAspect: 0
  m_FillCenter: 1
  m_FillMethod: 4
  m_FillAmount: 1
  m_FillClockwise: 1
  m_FillOrigin: 0
  m_UseSpriteMesh: 0
--- !u!114 &1962004893
MonoBehaviour:
  m_ObjectHideFlags: 0
  m_CorrespondingSourceObject: {fileID: 0}
  m_PrefabInstance: {fileID: 0}
  m_PrefabAsset: {fileID: 0}
  m_GameObject: {fileID: 1962004892}
  m_Enabled: 1
  m_EditorHideFlags: 0
  m_Script: {fileID: 11500000, guid: 31ea5ba4e003b3d4e898ad3c5b70c2c9, type: 3}
  m_Name: 
  m_EditorClassIdentifier: 
  teleportPoint: {fileID: 0}
--- !u!1001 &1604422999
PrefabInstance:
  m_ObjectHideFlags: 0
  serializedVersion: 2
  m_Modification:
    m_TransformParent: {fileID: 1962004899}
    m_Modifications:
    - target: {fileID: 155190, guid: a3de2ba0ded325146a882192687d7e98, type: 3}
      propertyPath: m_Name
      value: Text Box
      objectReference: {fileID: 0}
    - target: {fileID: 22455190, guid: a3de2ba0ded325146a882192687d7e98, type: 3}
      propertyPath: m_LocalPosition.x
      value: 0
      objectReference: {fileID: 0}
    - target: {fileID: 22455190, guid: a3de2ba0ded325146a882192687d7e98, type: 3}
      propertyPath: m_LocalPosition.y
      value: 0
      objectReference: {fileID: 0}
    - target: {fileID: 22455190, guid: a3de2ba0ded325146a882192687d7e98, type: 3}
      propertyPath: m_LocalPosition.z
      value: -7
      objectReference: {fileID: 0}
    - target: {fileID: 22455190, guid: a3de2ba0ded325146a882192687d7e98, type: 3}
      propertyPath: m_LocalRotation.x
      value: -0
      objectReference: {fileID: 0}
    - target: {fileID: 22455190, guid: a3de2ba0ded325146a882192687d7e98, type: 3}
      propertyPath: m_LocalRotation.y
      value: -0
      objectReference: {fileID: 0}
    - target: {fileID: 22455190, guid: a3de2ba0ded325146a882192687d7e98, type: 3}
      propertyPath: m_LocalRotation.z
      value: -0
      objectReference: {fileID: 0}
    - target: {fileID: 22455190, guid: a3de2ba0ded325146a882192687d7e98, type: 3}
      propertyPath: m_LocalRotation.w
      value: 1
      objectReference: {fileID: 0}
    - target: {fileID: 22455190, guid: a3de2ba0ded325146a882192687d7e98, type: 3}
      propertyPath: m_RootOrder
      value: 0
      objectReference: {fileID: 0}
    - target: {fileID: 22455190, guid: a3de2ba0ded325146a882192687d7e98, type: 3}
      propertyPath: m_LocalEulerAnglesHint.x
      value: 0
      objectReference: {fileID: 0}
    - target: {fileID: 22455190, guid: a3de2ba0ded325146a882192687d7e98, type: 3}
      propertyPath: m_LocalEulerAnglesHint.y
      value: 0
      objectReference: {fileID: 0}
    - target: {fileID: 22455190, guid: a3de2ba0ded325146a882192687d7e98, type: 3}
      propertyPath: m_LocalEulerAnglesHint.z
      value: 0
      objectReference: {fileID: 0}
    - target: {fileID: 22455190, guid: a3de2ba0ded325146a882192687d7e98, type: 3}
      propertyPath: m_AnchoredPosition.x
      value: 135
      objectReference: {fileID: 0}
    - target: {fileID: 22455190, guid: a3de2ba0ded325146a882192687d7e98, type: 3}
      propertyPath: m_AnchoredPosition.y
      value: -95
      objectReference: {fileID: 0}
    - target: {fileID: 22455190, guid: a3de2ba0ded325146a882192687d7e98, type: 3}
      propertyPath: m_SizeDelta.x
      value: 362.81
      objectReference: {fileID: 0}
    - target: {fileID: 22455190, guid: a3de2ba0ded325146a882192687d7e98, type: 3}
      propertyPath: m_SizeDelta.y
      value: 70.7
      objectReference: {fileID: 0}
    - target: {fileID: 22455190, guid: a3de2ba0ded325146a882192687d7e98, type: 3}
      propertyPath: m_AnchorMin.x
      value: 0
      objectReference: {fileID: 0}
    - target: {fileID: 22455190, guid: a3de2ba0ded325146a882192687d7e98, type: 3}
      propertyPath: m_AnchorMin.y
      value: 1
      objectReference: {fileID: 0}
    - target: {fileID: 22455190, guid: a3de2ba0ded325146a882192687d7e98, type: 3}
      propertyPath: m_AnchorMax.x
      value: 0
      objectReference: {fileID: 0}
    - target: {fileID: 22455190, guid: a3de2ba0ded325146a882192687d7e98, type: 3}
      propertyPath: m_AnchorMax.y
      value: 1
      objectReference: {fileID: 0}
    - target: {fileID: 22455190, guid: a3de2ba0ded325146a882192687d7e98, type: 3}
      propertyPath: m_Pivot.x
      value: 0
      objectReference: {fileID: 0}
    - target: {fileID: 22455190, guid: a3de2ba0ded325146a882192687d7e98, type: 3}
      propertyPath: m_Pivot.y
      value: 1
      objectReference: {fileID: 0}
    - target: {fileID: 22455190, guid: a3de2ba0ded325146a882192687d7e98, type: 3}
      propertyPath: m_LocalScale.x
      value: 1.5
      objectReference: {fileID: 0}
    - target: {fileID: 22455190, guid: a3de2ba0ded325146a882192687d7e98, type: 3}
      propertyPath: m_LocalScale.y
      value: 4
      objectReference: {fileID: 0}
    - target: {fileID: 22455190, guid: a3de2ba0ded325146a882192687d7e98, type: 3}
      propertyPath: m_LocalScale.z
      value: 1
      objectReference: {fileID: 0}
    - target: {fileID: 22455192, guid: a3de2ba0ded325146a882192687d7e98, type: 3}
      propertyPath: m_LocalScale.x
      value: 1.2
      objectReference: {fileID: 0}
    - target: {fileID: 22455194, guid: a3de2ba0ded325146a882192687d7e98, type: 3}
      propertyPath: m_LocalPosition.z
      value: -10.72
      objectReference: {fileID: 0}
    - target: {fileID: 22455194, guid: a3de2ba0ded325146a882192687d7e98, type: 3}
      propertyPath: m_AnchoredPosition.y
      value: 27.58
      objectReference: {fileID: 0}
    - target: {fileID: 22455194, guid: a3de2ba0ded325146a882192687d7e98, type: 3}
      propertyPath: m_LocalScale.x
      value: 1
      objectReference: {fileID: 0}
    - target: {fileID: 11455188, guid: a3de2ba0ded325146a882192687d7e98, type: 3}
      propertyPath: m_Color.r
      value: 0.05490196
      objectReference: {fileID: 0}
    - target: {fileID: 11455188, guid: a3de2ba0ded325146a882192687d7e98, type: 3}
      propertyPath: m_Color.g
      value: 0.94509804
      objectReference: {fileID: 0}
    - target: {fileID: 11455188, guid: a3de2ba0ded325146a882192687d7e98, type: 3}
      propertyPath: m_Color.b
      value: 0.8034436
      objectReference: {fileID: 0}
    - target: {fileID: 11455188, guid: a3de2ba0ded325146a882192687d7e98, type: 3}
      propertyPath: m_UseSpriteMesh
      value: 0
      objectReference: {fileID: 0}
    - target: {fileID: 11455188, guid: a3de2ba0ded325146a882192687d7e98, type: 3}
      propertyPath: m_Type
      value: 3
      objectReference: {fileID: 0}
    - target: {fileID: 11455188, guid: a3de2ba0ded325146a882192687d7e98, type: 3}
      propertyPath: m_Color.a
      value: 1
      objectReference: {fileID: 0}
    - target: {fileID: 11455190, guid: a3de2ba0ded325146a882192687d7e98, type: 3}
      propertyPath: m_Colors.m_NormalColor.r
      value: 0.09411764
      objectReference: {fileID: 0}
    - target: {fileID: 11455190, guid: a3de2ba0ded325146a882192687d7e98, type: 3}
      propertyPath: m_Colors.m_NormalColor.g
      value: 0.18304454
      objectReference: {fileID: 0}
    - target: {fileID: 11455190, guid: a3de2ba0ded325146a882192687d7e98, type: 3}
      propertyPath: m_Colors.m_NormalColor.b
      value: 0.94509804
      objectReference: {fileID: 0}
    - target: {fileID: 11455190, guid: a3de2ba0ded325146a882192687d7e98, type: 3}
      propertyPath: m_Colors.m_HighlightedColor.r
      value: 0.09411764
      objectReference: {fileID: 0}
    - target: {fileID: 11455190, guid: a3de2ba0ded325146a882192687d7e98, type: 3}
      propertyPath: m_Colors.m_HighlightedColor.g
      value: 0.2536006
      objectReference: {fileID: 0}
    - target: {fileID: 11455190, guid: a3de2ba0ded325146a882192687d7e98, type: 3}
      propertyPath: m_Colors.m_HighlightedColor.b
      value: 0.94509804
      objectReference: {fileID: 0}
    - target: {fileID: 11455190, guid: a3de2ba0ded325146a882192687d7e98, type: 3}
      propertyPath: m_TargetGraphic
      value: 
      objectReference: {fileID: 1594836867}
    - target: {fileID: 11455190, guid: a3de2ba0ded325146a882192687d7e98, type: 3}
      propertyPath: m_TextComponent
      value: 
      objectReference: {fileID: 1594836879}
    - target: {fileID: 11455190, guid: a3de2ba0ded325146a882192687d7e98, type: 3}
      propertyPath: m_Placeholder
      value: 
      objectReference: {fileID: 1594836877}
    - target: {fileID: 11455194, guid: a3de2ba0ded325146a882192687d7e98, type: 3}
      propertyPath: m_Text
      value: 'GRAB AND BLOW

        ON BOTTLES'
      objectReference: {fileID: 0}
    - target: {fileID: 11455194, guid: a3de2ba0ded325146a882192687d7e98, type: 3}
      propertyPath: m_FontData.m_FontSize
      value: 32
      objectReference: {fileID: 0}
    - target: {fileID: 11455194, guid: a3de2ba0ded325146a882192687d7e98, type: 3}
      propertyPath: m_FontData.m_MinSize
      value: 2
      objectReference: {fileID: 0}
    - target: {fileID: 11455194, guid: a3de2ba0ded325146a882192687d7e98, type: 3}
      propertyPath: m_FontData.m_MaxSize
      value: 48
      objectReference: {fileID: 0}
    - target: {fileID: 11455194, guid: a3de2ba0ded325146a882192687d7e98, type: 3}
      propertyPath: m_Color.r
      value: 0.09411764
      objectReference: {fileID: 0}
    - target: {fileID: 11455194, guid: a3de2ba0ded325146a882192687d7e98, type: 3}
      propertyPath: m_Color.g
      value: 0.94509804
      objectReference: {fileID: 0}
    - target: {fileID: 11455194, guid: a3de2ba0ded325146a882192687d7e98, type: 3}
      propertyPath: m_Color.b
      value: 0.7902497
      objectReference: {fileID: 0}
    - target: {fileID: 11455194, guid: a3de2ba0ded325146a882192687d7e98, type: 3}
      propertyPath: m_FontData.m_HorizontalOverflow
      value: 0
      objectReference: {fileID: 0}
    - target: {fileID: 11455194, guid: a3de2ba0ded325146a882192687d7e98, type: 3}
      propertyPath: m_FontData.m_VerticalOverflow
      value: 1
      objectReference: {fileID: 0}
    - target: {fileID: 11455194, guid: a3de2ba0ded325146a882192687d7e98, type: 3}
      propertyPath: m_FontData.m_BestFit
      value: 0
      objectReference: {fileID: 0}
    - target: {fileID: 11455194, guid: a3de2ba0ded325146a882192687d7e98, type: 3}
      propertyPath: m_FontData.m_LineSpacing
      value: 1
      objectReference: {fileID: 0}
    - target: {fileID: 11455194, guid: a3de2ba0ded325146a882192687d7e98, type: 3}
      propertyPath: m_FontData.m_FontStyle
      value: 1
      objectReference: {fileID: 0}
    m_RemovedComponents: []
  m_SourcePrefab: {fileID: 100100000, guid: a3de2ba0ded325146a882192687d7e98, type: 3}
--- !u!224 &1593257665 stripped
RectTransform:
  m_CorrespondingSourceObject: {fileID: 22455190, guid: a3de2ba0ded325146a882192687d7e98,
    type: 3}
  m_PrefabInstance: {fileID: 1604422999}
  m_PrefabAsset: {fileID: 0}
--- !u!114 &1594836867 stripped
MonoBehaviour:
  m_CorrespondingSourceObject: {fileID: 11455188, guid: a3de2ba0ded325146a882192687d7e98,
    type: 3}
  m_PrefabInstance: {fileID: 1604422999}
  m_PrefabAsset: {fileID: 0}
  m_GameObject: {fileID: 0}
  m_Enabled: 1
  m_EditorHideFlags: 0
  m_Script: {fileID: -765806418, guid: f5f67c52d1564df4a8936ccd202a3bd8, type: 3}
  m_Name: 
  m_EditorClassIdentifier: 
--- !u!114 &1594836877 stripped
MonoBehaviour:
  m_CorrespondingSourceObject: {fileID: 11455194, guid: a3de2ba0ded325146a882192687d7e98,
    type: 3}
  m_PrefabInstance: {fileID: 1604422999}
  m_PrefabAsset: {fileID: 0}
  m_GameObject: {fileID: 0}
  m_Enabled: 1
  m_EditorHideFlags: 0
  m_Script: {fileID: 708705254, guid: f5f67c52d1564df4a8936ccd202a3bd8, type: 3}
  m_Name: 
  m_EditorClassIdentifier: 
--- !u!114 &1594836879 stripped
MonoBehaviour:
  m_CorrespondingSourceObject: {fileID: 11455192, guid: a3de2ba0ded325146a882192687d7e98,
    type: 3}
  m_PrefabInstance: {fileID: 1604422999}
  m_PrefabAsset: {fileID: 0}
  m_GameObject: {fileID: 0}
  m_Enabled: 1
  m_EditorHideFlags: 0
  m_Script: {fileID: 708705254, guid: f5f67c52d1564df4a8936ccd202a3bd8, type: 3}
  m_Name: 
  m_EditorClassIdentifier: 
